% This file was created with JabRef 2.7b.
% Encoding: UTF-8

@BOOK{brouard1989mouvements,
  title = {Mouvements et mod{\`e}les de population},
  publisher = {Institut de formation et de recherche d{\'e}mographiques},
  year = {1989},
  author = {Brouard, Nicolas},
  owner = {triffe},
  timestamp = {2014.06.04}
}

@ARTICLE{brouard1986structure,
  author = {Brouard, Nicolas},
  title = {Structure et dynamique des populations. La pyramide des ann{\'e}es
	{\`a} vivre, aspects nationaux et exemples r{\'e}gionaux},
  journal = {Espace, populations, soci{\'e}t{\'e}s},
  year = {1986},
  volume = {4},
  pages = {157--168},
  number = {2},
  owner = {triffe},
  publisher = {Universit{\'e} des Sciences et Technologies de Lille},
  timestamp = {2014.06.04}
}

@ARTICLE{biro2010subjective,
  author = {B{\'\i}r{\'o}, Anik{\'o}},
  title = {Subjective mortality hazard shocks and the adjustment of consumption
	expenditures},
  journal = {Journal of Population Economics},
  year = {2010},
  volume = {26},
  pages = {1--30},
  owner = {triffe},
  publisher = {Springer},
  timestamp = {2013.11.01}
}

@ARTICLE{carstensen2006influence,
  author = {Carstensen, Laura L},
  title = {The influence of a sense of time on human development},
  journal = {Science},
  year = {2006},
  volume = {312},
  pages = {1913--1915},
  number = {5782},
  owner = {triffe},
  publisher = {American Association for the Advancement of Science},
  timestamp = {2013.11.01}
}

@ARTICLE{carstensen1999taking,
  author = {Carstensen, Laura L and Isaacowitz, Derek M and Charles, Susan T},
  title = {Taking time seriously: A theory of socioemotional selectivity.},
  journal = {American Psychologist},
  year = {1999},
  volume = {54},
  pages = {165},
  number = {3},
  owner = {triffe},
  publisher = {American Psychological Association},
  timestamp = {2013.11.01}
}

@ARTICLE{cocco2012longevity,
  author = {Cocco, Joao F and Gomes, Francisco J},
  title = {Longevity risk, retirement savings, and financial innovation},
  journal = {Journal of Financial Economics},
  year = {2012},
  volume = {103},
  pages = {507--529},
  number = {3},
  owner = {triffe},
  publisher = {Elsevier},
  timestamp = {2013.11.01}
}

@ARTICLE{delavande2011differential,
  author = {Delavande, Adeline and Rohwedder, Susann},
  title = {Differential Survival in Europe and the United States: Estimates
	Based on Subjective Probabilities of Survival},
  journal = {Demography},
  year = {2011},
  volume = {48},
  pages = {1377--1400},
  number = {4},
  owner = {triffe},
  publisher = {Springer},
  timestamp = {2013.11.01}
}

@ARTICLE{goldstein2012historical,
  author = {Goldstein, Joshua R},
  title = {Historical Addendum to'Life lived equals life left in stationary
	populations.'.},
  journal = {Demographic Research},
  year = {2012},
  volume = {26},
  owner = {triffe},
  timestamp = {2014.05.05}
}

@ARTICLE{goldstein2009life,
  author = {Goldstein, Joshua R},
  title = {Life lived equals life left in stationary populations.},
  journal = {Demographic Research},
  year = {2009},
  volume = {20},
  owner = {triffe},
  timestamp = {2014.05.05}
}

@ARTICLE{gupta2006variance,
  author = {Gupta, Ramesh C},
  title = {Variance residual life function in reliability studies},
  journal = {Metron},
  year = {2006},
  volume = {54},
  pages = {343--345},
  owner = {triffe},
  timestamp = {2014.06.05}
}

@ARTICLE{hamermesh1985expectations,
  author = {Hamermesh, Daniel S},
  title = {Expectations, life expectancy, and economic behavior},
  journal = {The Quarterly Journal of Economics},
  year = {1985},
  volume = {100},
  pages = {389--408},
  number = {2},
  owner = {triffe},
  publisher = {Oxford University Press},
  timestamp = {2013.11.01}
}

@BOOK{hersch1944demographie,
  title = {De la d{\'e}mographie actuelle {\`a} la d{\'e}mographie potentielle},
  publisher = {Georg \& C SA, Librairie de l'universit{\'e} Gen{\`e}ve},
  year = {1944},
  author = {Hersch, Liebmann},
  note = {Extrait des M{\'e}langes d'Etudes {\'e}conomiques et sociales offerts
	{\`a} M. William E. Rappard},
  owner = {triffe},
  timestamp = {2013.11.01}
}

@ARTICLE{hurd2002predictive,
  author = {Hurd, Michael D and McGarry, Kathleen},
  title = {The Predictive Validity of Subjective Probabilities of Survival*},
  journal = {The Economic Journal},
  year = {2002},
  volume = {112},
  pages = {966--985},
  number = {482},
  owner = {triffe},
  publisher = {Wiley Online Library},
  timestamp = {2013.11.01}
}

@ARTICLE{hurd1995evaluation,
  author = {Hurd, Michael D and McGarry, Kathleen},
  title = {Evaluation of the subjective probabilities of survival in the health
	and retirement study},
  journal = {Journal of Human resources},
  year = {1995},
  volume = {30},
  pages = {S268--S292},
  owner = {triffe},
  publisher = {JSTOR},
  timestamp = {2013.11.01}
}

@MISC{ibge,
  author = {{Instituto Brasileiro de Geografia e Estatística}},
  title = {Censo Demográfico 2010. Características da população e dos domicilios.
	Resultados do universo. Tabela 1.1.1 - População do domicílio e sexo,
	segundo os grupos de idade},
  howpublished = {Available at: http://www.ibge.gov.br/},
  year = {2011},
  note = {data downloaded in June, 2013},
  owner = {triffe},
  timestamp = {2013.11.01}
}

@ARTICLE{lee2002approach,
  author = {Lee, Ronald and Miller, Timothy},
  title = {An approach to forecasting health expenditures, with application
	to the US Medicare system},
  journal = {Health Services Research},
  year = {2002},
  volume = {37},
  pages = {1365--1386},
  number = {5},
  owner = {triffe},
  publisher = {Wiley Online Library},
  timestamp = {2013.11.01}
}

@INCOLLECTION{lee2007demographic,
  author = {Lee, Ronald D},
  title = {Demographic change, welfare, and intergenerational transfers: a global
	overview},
  booktitle = {Ages, Generations and the Social Contract},
  publisher = {Springer},
  year = {2007},
  pages = {17--43},
  owner = {triffe},
  timestamp = {2013.11.01}
}

@ARTICLE{lutz2008coming,
  author = {Lutz, Wolfgang and Sanderson, Warren and Scherbov, Sergei},
  title = {The coming acceleration of global population ageing},
  journal = {Nature},
  year = {2008},
  volume = {451},
  pages = {716--719},
  number = {7179},
  owner = {triffe},
  publisher = {Nature Publishing Group},
  timestamp = {2013.11.01}
}

@ARTICLE{miller2001increasing,
  author = {Miller, Tim},
  title = {Increasing longevity and Medicare expenditures},
  journal = {Demography},
  year = {2001},
  volume = {38},
  pages = {215--226},
  number = {2},
  owner = {triffe},
  publisher = {Springer},
  timestamp = {2013.11.01}
}

@MISC{ipums2013,
  author = {Minnesota Population Center. Integrated Public Use Microdata Series,
	International: Version 6.2},
  title = {Integrated Public Use Microdata Series, International: Version 6.2},
  howpublished = {[Machine-readable database]},
  year = {2013},
  note = {data downloaded June, 2013},
  owner = {triffe},
  timestamp = {2013.11.01}
}

@ARTICLE{mirowsky1999subjective,
  author = {Mirowsky, John},
  title = {Subjective life expectancy in the US: correspondence to actuarial
	estimates by age, sex and race},
  journal = {Social science \& medicine},
  year = {1999},
  volume = {49},
  pages = {967--979},
  number = {7},
  owner = {triffe},
  publisher = {Elsevier},
  timestamp = {2013.11.01}
}

@ARTICLE{perozek2008using,
  author = {Perozek, Maria},
  title = {Using subjective expectations to forecast longevity: Do survey respondents
	know something we don’t know?},
  journal = {Demography},
  year = {2008},
  volume = {45},
  pages = {95--113},
  number = {1},
  owner = {triffe},
  publisher = {Springer},
  timestamp = {2013.11.01}
}

@ARTICLE{post2012longevity,
  author = {Post, Thomas and Hanewald, Katja},
  title = {Longevity risk, subjective survival expectations, and individual
	saving behavior},
  journal = {Journal of Economic Behavior \& Organization},
  year = {2012},
  volume = {86},
  pages = {200–-220},
  owner = {triffe},
  publisher = {Elsevier},
  timestamp = {2013.11.01}
}

@PHDTHESIS{riffe2013two,
  author = {Riffe, Timothy LM},
  title = {The Two-Sex Problem in Populations Structured by Remaining Years
	of Life},
  school = {Universitat Aut\`{o}noma de Barcelona},
  year = {2013},
  owner = {triffe},
  publisher = {Universitat Aut{\`o}noma de Barcelona},
  timestamp = {2013.09.24}
}

@ARTICLE{ryder1975notes,
  author = {Ryder, Norman B},
  title = {Notes on stationary populations},
  journal = {Population Index},
  year = {1975},
  volume = {41},
  pages = {3--28},
  number = {1},
  owner = {triffe},
  publisher = {JSTOR},
  timestamp = {2013.11.01}
}

@ARTICLE{sanderson2007new,
  author = {Sanderson, Warren and Scherbov, Sergei},
  title = {A new perspective on population aging},
  journal = {Demographic research},
  year = {2007},
  volume = {16},
  pages = {27--58},
  number = {2},
  owner = {triffe},
  publisher = {Max Planck Institute for Demographic Research, Rostock, Germany},
  timestamp = {2013.11.01}
}

@ARTICLE{sanderson2010remeasuring,
  author = {Sanderson, Warren C and Scherbov, Sergei},
  title = {Remeasuring aging},
  journal = {Science(Washington)},
  year = {2010},
  volume = {329},
  pages = {1287--1288},
  number = {5997},
  owner = {triffe},
  publisher = {American Association for the Advancement of Science, 1200 New York
	Avenue, NW Washington DC 20005 USA},
  timestamp = {2013.11.01}
}

@ARTICLE{sanderson2005average,
  author = {Sanderson, Warren C and Scherbov, Sergei},
  title = {Average remaining lifetimes can increase as human populations age},
  journal = {Nature},
  year = {2005},
  volume = {435},
  pages = {811--813},
  number = {7043},
  owner = {triffe},
  publisher = {Nature Publishing Group},
  timestamp = {2013.11.01}
}

@ARTICLE{jjbmj,
  author = {Spijker, Jeroen and MacInnes, John},
  title = {Population ageing: the timebomb that isn’t?},
  journal = {British Medical Journal},
  year = {2013},
  volume = {347},
  owner = {triffe},
  timestamp = {2013.11.08}
}

@BOOK{topoleski2004uncertainty,
  title = {Uncertainty about Projections of Medicare Cost in Growth},
  publisher = {Congressional Budget Office},
  year = {2004},
  author = {Topoleski, Julie H},
  owner = {triffe},
  timestamp = {2013.11.01}
}

@MISC{uscbchina,
  author = {{U.S. Census Bureau.}},
  title = {International Data Base. Mid-year Population by Single Year Age Groups
	- China},
  howpublished = {Available at http://www.census.gov/},
  note = {data downloaded June., 2013},
  owner = {triffe},
  timestamp = {2013.11.01}
}

@MISC{uscbproj,
  author = {{U.S. Census Bureau.}},
  title = {2012 National Population Projections},
  howpublished = {Available at http://www.census.gov/},
  note = {data downloaded Sept., 2013},
  owner = {triffe},
  timestamp = {2013.11.01}
}

@MISC{hmd2013,
  author = {{University of California, Berkeley (USA), and Max Planck Institute
	for Demographic Research (Germany).}},
  title = {Human Mortality Database},
  howpublished = {Available at www.mortality.org or www.humanmortality.de},
  year = {2013},
  note = {data downloaded June, 2013},
  owner = {triffe},
  timestamp = {2013.11.01}
}

@ARTICLE{van2010living,
  author = {Van Solinge, Hanna and Henkens, K{\`e}ne},
  title = {Living longer, working longer? The impact of subjective life expectancy
	on retirement intentions and behaviour},
  journal = {The European Journal of Public Health},
  year = {2010},
  volume = {20},
  pages = {47--51},
  number = {1},
  owner = {triffe},
  publisher = {Oxford Univ Press},
  timestamp = {2013.11.01}
}

@ARTICLE{vaupel2009life,
  author = {Vaupel, James W},
  title = {Life lived and left: Carey's equality},
  journal = {Demographic Research},
  year = {2009},
  volume = {20},
  pages = {7--10},
  number = {3},
  owner = {triffe},
  publisher = {Max Planck Institute for Demographic Research, Rostock, Germany},
  timestamp = {2013.02.22}
}

@MISC{whodata,
  author = {{World Health Organization}},
  title = {abridged life tables for Brazil, China, and Malawi},
  howpublished = {Available at: http://apps.who.int/gho/data/node.main},
  year = {2013},
  note = {data downloaded June, 2013},
  owner = {triffe},
  timestamp = {2013.11.01}
}

